% -*- mode: bibtex; mode: auto-fill; coding: utf-8; -*-

@book{NRIC2,
  title={{Numerical recipes in C, The Art of Scientific Computing}},
  author={Flannery, Brian P. and Press, William H. 
          and Teukolsky, Saul A. and Vetterling, William},
  journal={Press Syndicate of the University of Cambridge, New York},
  year={1992},
  edition={2nd},
}

@book{RTR2,
 author = {Tomas Akenine-M\"{o}ller and Eric Haines and Natty Hoffman},
 title = {Real-Time Rendering},
 year = {2002},
 isbn = {1568811829},
 edition = {2nd},
 publisher = {A. K. Peters, Ltd.},
 address = {Natick, MA, USA},
 }

@book{ebert2003,
  title={{Texturing \& Modeling: A Procedural Approach}},
  author={Ebert, D.S.},
  year={2003},
  publisher={Morgan Kaufmann Pub},
  edition={3rd},
  isbn={1558608486},
}

@article{abad2006,
  title={{A fast, simple method to render sky color using gradients maps}},
  author={Abad, J.A.},
  year={2006},
  publisher={Citeseer}
}

@book{983868,
 author = {Fernando, Randima},
 title = {GPU Gems: Programming Techniques, Tips and Tricks for Real-Time Graphics},
 year = {2004},
 isbn = {0321228324},
 publisher = {Pearson Higher Education},
 }

@book{1536934,
 author = {Nguyen, Hubert},
 title = {GPU Gems 3},
 year = {2007},
 isbn = {9780321515261},
 publisher = {Addison-Wesley Professional},
 }

@Article{1936,
     author = {Daniel Wagner},
     title  = {Terrain Geomorphing in the Vertex Shader},
     year   = {2003}
}